@article{thorup2005approximate,
  title={Approximate distance oracles},
  author={Thorup, Mikkel and Zwick, Uri},
  journal={Journal of the ACM (JACM)},
  volume={52},
  number={1},
  pages={1--24},
  year={2005},
  publisher={ACM}
}

@article{basescu2014crux,
  title={Crux: Locality-Preserving Distributed Services},
  author={Basescu, Cristina and Nowlan, Michael F and Nikitin, Kirill and Faleiro, Jose M and Ford, Bryan},
  journal={arXiv preprint arXiv:1405.0637},
  year={2014}
}

@inproceedings{castro1999practical,
  title={Practical Byzantine fault tolerance},
  author={Castro, Miguel and Liskov, Barbara and others},
  booktitle={OSDI},
  volume={99},
  pages={173--186},
  year={1999}
}

@inproceedings{kogias2016enhancing,
  title={Enhancing bitcoin security and performance with strong consistency via collective signing},
  author={Kogias, Eleftherios Kokoris and Jovanovic, Philipp and Gailly, Nicolas and Khoffi, Ismail and Gasser, Linus and Ford, Bryan},
  booktitle={25th $\{$USENIX$\}$ Security Symposium ($\{$USENIX$\}$ Security 16)},
  pages={279--296},
  year={2016}
}

@inproceedings{syta2016keeping,
  title={Keeping authorities" honest or bust" with decentralized witness cosigning},
  author={Syta, Ewa and Tamas, Iulia and Visher, Dylan and Wolinsky, David Isaac and Jovanovic, Philipp and Gasser, Linus and Gailly, Nicolas and Khoffi, Ismail and Ford, Bryan},
  booktitle={2016 IEEE Symposium on Security and Privacy (SP)},
  pages={526--545},
  year={2016},
  organization={Ieee}
}

@misc{bbolt,
  title = {Bbolt: An embedded key/value database for Go.},
  howpublished = {\url{https://github.com/etcd-io/bbolt}}
}

@misc{protobuf,
  key = "Protobuf",
  title = {Protobuf: Reflection-based Protocol Buffers for Go},
  howpublished = {\url{https://github.com/dedis/protobuf}}
}

@misc{byzcoinx,
  key = "ByzCoinX",
  title = {ByzCoinX: improved BFTCoSi},
  howpublished = {\url{https://github.com/dedis/cothority/tree/master/byzcoinx}}
}